<?xml version="1.0" encoding="UTF-8"?><collection xmlns="http://www.loc.gov/MARC21/slim"><record><leader>00432nam--2200133-i-4500</leader><controlfield tag="001">000020365</controlfield><controlfield tag="002">20161230</controlfield><controlfield tag="005">20161230201033</controlfield><controlfield tag="008">060222s1000------------r-----000-0-eng-d</controlfield><datafield ind1=" " ind2=" " tag="080"><subfield code="a">681.324</subfield></datafield><datafield ind1=" " ind2=" " tag="100"><subfield code="a">Flik, Th. And Liebig, H</subfield></datafield><datafield ind1=" " ind2=" " tag="245"><subfield code="a">16-bit mocroprocessor systems.structure, behaviour and programming. translated by bisiani g</subfield></datafield><datafield ind1=" " ind2=" " tag="260"><subfield code="a">Berlin, Springer-verlag, 1985. X + 238 P. With 188 Figures And 27 Tables</subfield></datafield><datafield ind1=" " ind2=" " tag="852"><subfield code="a">74235</subfield></datafield></record></collection>